@online{wiki:codereview,
	author = {Wikipedia},
	title = {Review (Softwaretest)},
	year = {2018},
	url = {https://de.wikipedia.org/wiki/Review\_(Softwaretest)#Reviewarten}
}

@online{atlassian:jira-support,
	author = {Atlassian},
	title = {Creating Issues and sub-tasks},
	year = {2018},
	url = {https://confluence.atlassian.com/jirasoftwarecloud/creating-issues-and-sub-tasks-764478439.html}
}

@online{scrum-guide,
	author = {Swaber, K. u. J. Sutherland},
	title = {Der Scrum Guide – Der gültige Leitfaden für Scrum: Die Spielregeln.},
	year = {2013},
	url = {https://www.scrumguides.org/docs/scrumguide/v1/Scrum-Guide-DE.pdf}
}

@online{AirQualityReportEEA,
author = {European Environment Agency},
title = {Air quality in europe - 2017 report},
year = {2017},
url = {https://www.eea.europa.eu/publications/air-quality-in-europe-2017},
OPTurldate = {25.10.2018},
}

@online{Umweltplakette,
author = {netTraders GmbH},
title = {Umweltplakette Webseite},
url = {https://www.umweltplakette.org},
OPTurldate = {25.10.2018},
}

@online{NWZMarathonOldenburg,
author = {Jasper Rittner},
title = {Auch ohne Autos dicke Luft an Oldenburger Messstation},
year = {2018},
url = {https://www.nwzonline.de/oldenburg/oldenburg-stickstoffdioxid-messung-waehrend-des-marathons-auch-ohne-autos-dicke-luft-an-oldenburger-messstation_a_50,2,3791930128.html},
OPTurldate = {05.11.2018},
}

@online{luftdateninfoMessgenauigkeit,
author = {OK Lab Stuttgart},
title = {luftdaten.info Messgenauigkeit},
url = {https://luftdaten.info/messgenauigkeit/},
OPTurldate = {17.11.2018},
}

@online{luftdateninfo,
author = {OK Lab Stuttgart},
title = {luftdaten.info Homepage},
url = {https://luftdaten.info},
OPTurldate = {25.10.2018},
}

@online{docker,
	author = {Docker},
	title = {What is a Container?},
	url = {https://www.docker.com/resources/what-container},
	OPTurldate = {25.10.2019},
}

@online{mongoose,
	author = {mongoose},
	title = {Getting Started},
	url = {https://mongoosejs.com/docs/index.html},
	OPTurldate = {25.10.2019},
}

@online{nestjs,
	author = {NestJS},
	title = {Introduction},
	url = {https://docs.nestjs.com},
	OPTurldate = {25.10.2019},
}

@online{mongodbManual,
	author = {MongoDB},
	title = {Glossary},
	url = {https://docs.mongodb.com/manual/reference/glossary/},
	OPTurldate = {27.10.2019},
}

@online{mongodb,
	author = {MongoDB},
	title = {Die Datenbank für moderne Anwendungen},
url = {https://www.mongodb.com/de},
OPTurldate = {27.10.2019},
}

@online{mongodbJoin,
	author = {MongoDB},
	title = {lookup(aggregation)},
	url = {https://docs.mongodb.com/manual/reference/operator/aggregation/lookup/},
	OPTurldate = {27.10.2019},
}

@online{mongodbIndices,
	author = {MongoDB},
	title = {Indexes},
	url = {https://docs.mongodb.com/manual/indexes/},
	OPTurldate = {27.10.2019},
}

@online{mongoNest,
	author = {NestJS},
	title = {Mongo},
	url = {https://docs.nestjs.com/techniques/mongodb},
	OPTurldate = {27.10.2019},
}

@online{mongoose,
	author = {Mongoose},
	title = {Getting started},
	url = {https://mongoosejs.com/docs/},
	OPTurldate = {24.09.2019},
}
@online{validators,
	author = {NestJs},
	title = {Controllers},
	url = {https://docs.nestjs.com/controllers},
	OPTurldate = {24.09.2019},
}
@online{mqtt,
	author = {Florian Raschbichler},
	title = {MQTT - Leitfaden zum Protokoll für das Internet der Dinge},
	url = {https://www.informatik-aktuell.de/betrieb/netzwerke/mqtt-leitfaden-zum-protokoll-fuer-das-internet-der-dinge.html},
	OPTurldate = {24.09.2019},
}
@online{eclipse,
	author = {Eclipse Mosquitto},
	title = {Eclipse Mosquitto},
	url = {https://mosquitto.org},
	OPTurldate = {24.09.2019},
}
@online{hivemq,
	author = {HiveMQ},
	title = {Introduction},
	url = {https://www.hivemq.com/docs/4.2/hivemq/introduction.html},
	OPTurldate = {24.09.2019},
}

@online{oauth2.0:authorizationframework,
	author = {D. Hardt, Ed. Microsoft},
	title = {The OAuth 2.0 Authorization Framework},
	url = {https://tools.ietf.org/html/rfc6749#section-4.3},
	OPTurldate = {27.09.2019},
}

@online{arduinoESP,
	author = {esp8266/Arduino},
	title = {Arduino core for ESP8266 WiFi chip},
	url = {https://github.com/esp8266/Arduino},
	OPTurldate = {28.09.2019},
}

@online{arduino,
	author = {Arduino},
	title = {Arduino - Introduction},
	url = {https://www.arduino.cc/en/Guide/Introduction},
	OPTurldate = {28.09.2019},
}

@online{AngularInfoPage,
	author = {Angular},
	title = {Angular - Information},
	url = {https://angular.io/docs},
	OPTurldate = {28.09.2019},
}

@online{AngularArchitektur,
	author = {Angular},
	title = {Angular - Architektur},
	url = {https://angular.io/guide/architecture},
	OPTurldate = {28.09.2019},
}

@online{IonicInfoSite,
	author = {Ionic},
	title = {Ionic - Informationsseite},
	url = {https://ionicframework.com/docs/intro},
	OPTurldate = {28.09.2019},
}

@online{OpenStreetMapFAQ,
	author = {Openstreetmap},
	title = {OpenStreetMap},
	url = {https://www.openstreetmap.de/faq.html#was_ist_osm},
	OPTurldate = {28.09.2019},
}

@online{OpenStreetMapGraphHopper,
	author = {GraphHopper},
	title = {Zusammenfassung über GraphHopper von OpenStreetMap},
	url = {https://wiki.openstreetmap.org/wiki/GraphHopper},
	OPTurldate = {28.09.2019},
}

@online{GraphHopperGithub,
	author = {GraphHopper},
	title = {Github von GraphHopper},
	url = {https://github.com/graphhopper/graphhopper-ios},
	OPTurldate = {28.09.2019},
}

@online{leaflet,
	author = {openstreetmap},
	title = {Leaflet},
	url = {https://wiki.openstreetmap.org/wiki/DE:Leaflet},
	OPTurldate = {28.09.2019},
}
