% mainfile: ../Refinement.tex
%  AUTHOR    = {Robin Milner},

@Book{milner,
 author = {Milner, R},
 title = {Communicating and mobile systems : the $\pi$-calculus},
 publisher = {Cambridge University Press},
 year = {1999},
 address = {Cambridge England New York},
 isbn = {978-0521658690}
 }
 @Book{sangiorgi2001the,
 author = {Sangiorgi, Davide},
 title = {The $\pi$-calculus : a theory of mobile processes},
 publisher = {Cambridge University Press},
 year = {2001},
 address = {Cambridge England New York},
 isbn = {978-0521781770}
 }
 @phdthesis{gieseking,
author = {Gieseking, Manuel},
year = {2014},
month = {03},
pages = {},
title = {Refinement of $\pi$-calculus processes},
doi = {10.13140/RG.2.1.4687.6646}
}
@inproceedings{ene,
author = {Ene, Cristian and Muntean, Traian},
year = {2000},
month = {07},
pages = {},
title = {Expressiveness of Point-to-Point versus Broadcast Communications},
doi = {10.1007/3-540-48321-7_21}
}
@book{olderog08,
author = {Olderog, Ernst-Rüdiger and Dierks, Henning},
year = {2008},
month = {01},
pages = {},
title = {Real-Time Systems: Formal Specification and Automatic Verification},
isbn = {978-0-521-88333-7},
journal = {Real-Time Systems: Formal Specification and Automatic Verification},
doi = {10.1017/CBO9780511619953}
}
@misc{stargazer,
author = {D'Osualdo, Emanuele},
title = {Stargazer: A $\pi$-Calculus simulator},
howpublished = {\url{http://www.emanueledosualdo.com/stargazer/}}
}
@misc{abc,
author = {Briais, Sebastien},
title = {ABC: Another Bisimilarity Checker.},
howpublished = {\url{http://sbriais.free.fr/tools/abc/}}
}
@techreport{woodcock,
  title = "Z: GRAMMAR AND CONCRETE AND ABSTRACT SYNTAXES (Version 2.0)",
  author = "Steve King and Ib Holm Sorensen and Jim woodcock",
  year = "1988",
  institution = "OUCL",
  month = "July",
  number = "PRG68",
  pages = "50",
}
@inproceedings{kenji,
author = {Taguchi, Kenji and Dong, Jin and Ciobanu, Gabriel},
year = {2004},
month = {01},
pages = {97-106},
title = {Relating pi-calculus to Object-Z.},
journal = {IEEE International Conference on Engineering Complex Computer Systems (ICECCS'04)}
}
@inproceedings{kenji2,
author = {Taguchi, Kenji and Dong, Jin},
year = {2002},
month = {10},
pages = {144-155},
title = {An Overview of Mobile Object-Z},
doi = {10.1007/3-540-36103-0_17}
}
@BOOK{olderog,
  AUTHOR    = {Olderog, Ernst-Rüdiger},
  TITLE     = {Kombination von Spezifikationstechniken},
  PUBLISHER = {Carl von Ossietzky Universität},
  YEAR      = {2018/19},
  ADDRESS   = {Oldenburg},
  TOPIC     = {Vorlesungsskript, Korrekte systeme;
                 concurrence;theory-of-computation;},
  LANGUAGE  = {german}
}

@article{milner1992calculus,
  title={A calculus of mobile processes, i},
  author={Milner, Robin and Parrow, Joachim and Walker, David},
  journal={Information and computation},
  volume={100},
  number={1},
  pages={1--40},
  year={1992},
  publisher={Elsevier}
}

@Book{smith2000the,
 author = {Smith, Graeme},
 title = {The Object-Z Specification Language},
 publisher = {Springer US},
 year = {2000},
 address = {Boston, MA},
 isbn = {978-1-4613-7401-5}
 }